@misc{ConsistentIndependent,
  author = {Consistent Independent, Dependent and Inconsistent - YouTube},
  title = {Consistent Independent, Dependent and Inconsistent},
  year = {2012},
  url = {https://www.youtube.com/watch?v=K5MmwciV1BA&t=23s},
  note = {Accessed: September 8, 2025}
}